@article{Hebert2022,
  title={NSDPY: A python package to download DNA sequences from NCBI},
  author={Hebert, Rapha{\"e}l and Megl{\'e}cz, Emese},
  journal={SoftwareX},
  volume={18},
  pages={101038},
  year={2022},
  publisher={Elsevier}
}